@book{Gratzer2007,
    author = {Gr\"{a}tzer, George},
    publisher = {Springer},
    title = {{More Math Into LaTeX: A Guide for Documentation and Presentation}},
    year = {2007}
}
